<?xml version = "1.0" encoding = "UTF-8"?><OAI-PMH xmlns="http://www.openarchives.org/OAI/2.0/" xmlns:xsi="http://www.w3.org/2001/XMLSchema-instance" xsi:schemaLocation="http://www.openarchives.org/OAI/2.0/ http://www.openarchives.org/OAI/2.0/OAI-PMH.xsd"><ListRecords><record><header><identifier>aleph-publish:001230193</identifier></header><metadata><record xmlns="http://www.ddb.de/professionell/mabxml/mabxml-1.xsd"><leader>00535vM2.01200024------h</leader><controlfield tag="LDR">00535vM2.01200024------h</controlfield><controlfield tag="FMT">MH</controlfield><datafield tag="001" ind1="-" ind2="1"><subfield code="a">HT003309369</subfield></datafield><datafield tag="002" ind1="a" ind2="1"><subfield code="a">19991215</subfield></datafield><controlfield tag="030">a|1uc||||||17</controlfield><datafield tag="036" ind1="a" ind2="1"><subfield code="a">DE</subfield></datafield><datafield tag="037" ind1="b" ind2="1"><subfield code="a">ger</subfield></datafield><controlfield tag="050">a|||||||||||||</controlfield><controlfield tag="051">m|||||||</controlfield><datafield tag="070" ind1="-" ind2="1"><subfield code="a">467</subfield></datafield><datafield tag="080" ind1="-" ind2="1"><subfield code="a">60</subfield></datafield><datafield tag="100" ind1="-" ind2="1"><subfield code="p">Buber, Martin</subfield><subfield code="d">1878-1965</subfield><subfield code="9">(DE-588)118516477</subfield></datafield><datafield tag="101" ind1="-" ind2="1"><subfield code="p">Būber, Mordekaj Marṭin</subfield><subfield code="d">1878-1965</subfield></datafield><datafield tag="101" ind1="-" ind2="1"><subfield code="p">Buber, Martin Mordehai</subfield><subfield code="d">1878-1965</subfield></datafield><datafield tag="101" ind1="-" ind2="1"><subfield code="p">Buber, Marṭin</subfield><subfield code="d">1878-1965</subfield></datafield><datafield tag="101" ind1="-" ind2="1"><subfield code="p">Mpumper, Martin</subfield><subfield code="d">1878-1965</subfield></datafield><datafield tag="101" ind1="-" ind2="1"><subfield code="p">Bûber, Mordekay Martîn</subfield><subfield code="d">1878-1965</subfield></datafield><datafield tag="101" ind1="-" ind2="1"><subfield code="p">Būbā, Marutin</subfield><subfield code="d">1878-1965</subfield></datafield><datafield tag="101" ind1="-" ind2="1"><subfield code="p">Buber, Mordehai Martin</subfield><subfield code="d">1878-1965</subfield></datafield><datafield tag="101" ind1="-" ind2="1"><subfield code="p">Buber, Mordekhai Marṭin</subfield><subfield code="d">1878-1965</subfield></datafield><datafield tag="101" ind1="-" ind2="1"><subfield code="U">Hebr</subfield><subfield code="p">בובר, מרדכי מרטין</subfield><subfield code="d">1878-1965</subfield></datafield><datafield tag="101" ind1="-" ind2="1"><subfield code="U">Hebr</subfield><subfield code="p">בובר, מרטין</subfield><subfield code="d">1878-1965</subfield></datafield><datafield tag="101" ind1="-" ind2="1"><subfield code="U">Hebr</subfield><subfield code="p">בובר, מרטין</subfield><subfield code="d">1878-1965</subfield></datafield><datafield tag="331" ind1="-" ind2="1"><subfield code="a">Gottesfinsternis</subfield></datafield><datafield tag="359" ind1="-" ind2="1"><subfield code="a">Martin Buber</subfield></datafield><datafield tag="361" ind1="-" ind2="1"><subfield code="a">Mit einer Entgegnung &quot;Religion und Psychologie&quot; / von C. G. Jung</subfield></datafield><datafield tag="403" ind1="-" ind2="1"><subfield code="a">2., verb. Aufl., Neuausg.</subfield></datafield><datafield tag="410" ind1="-" ind2="1"><subfield code="a">Gerlingen</subfield></datafield><datafield tag="412" ind1="-" ind2="1"><subfield code="a">Schneider</subfield></datafield><datafield tag="425" ind1="a" ind2="1"><subfield code="a">1994</subfield></datafield><datafield tag="433" ind1="-" ind2="1"><subfield code="a">168 S.</subfield></datafield><datafield tag="540" ind1="a" ind2="1"><subfield code="a">3-7953-0122-X</subfield><subfield code="b">: ca. DM 19.80</subfield></datafield><datafield tag="800" ind1="-" ind2="1"><subfield code="p">Jung, C. G.</subfield><subfield code="d">1875-1961</subfield><subfield code="9">(DE-588)118558749</subfield></datafield><datafield tag="801" ind1="-" ind2="1"><subfield code="p">Jung, Carl Gustav</subfield><subfield code="d">1875-1961</subfield></datafield><datafield tag="801" ind1="-" ind2="1"><subfield code="p">Jung, Carl Gustaw</subfield><subfield code="d">1875-1961</subfield></datafield><datafield tag="801" ind1="-" ind2="1"><subfield code="p">Jung, Carl-Gustav</subfield><subfield code="d">1875-1961</subfield></datafield><datafield tag="801" ind1="-" ind2="1"><subfield code="p">Jung, Carolus Gustavus</subfield><subfield code="d">1875-1961</subfield></datafield><datafield tag="801" ind1="-" ind2="1"><subfield code="p">Jung, Carl</subfield><subfield code="d">1875-1961</subfield></datafield><datafield tag="801" ind1="-" ind2="1"><subfield code="p">Jung, Karl G.</subfield><subfield code="d">1875-1961</subfield></datafield><datafield tag="801" ind1="-" ind2="1"><subfield code="p">Jung, Karl-Gustav</subfield><subfield code="d">1875-1961</subfield></datafield><datafield tag="801" ind1="-" ind2="1"><subfield code="p">Jung, K.G.</subfield><subfield code="d">1875-1961</subfield></datafield><datafield tag="801" ind1="-" ind2="1"><subfield code="p">Jung, Karl</subfield><subfield code="d">1875-1961</subfield></datafield><datafield tag="801" ind1="-" ind2="1"><subfield code="p">Giunnk, Karl Gkustaph</subfield><subfield code="d">1875-1961</subfield></datafield><datafield tag="801" ind1="-" ind2="1"><subfield code="p">Iungi, Karl Gustav</subfield><subfield code="d">1875-1961</subfield></datafield><datafield tag="801" ind1="-" ind2="1"><subfield code="p">Yung, ...</subfield><subfield code="d">1875-1961</subfield></datafield><datafield tag="801" ind1="-" ind2="1"><subfield code="p">Yūng, Kārl Gūstaw</subfield><subfield code="d">1875-1961</subfield></datafield><datafield tag="801" ind1="-" ind2="1"><subfield code="p">Yungu, ...</subfield><subfield code="d">1875-1961</subfield></datafield><datafield tag="801" ind1="-" ind2="1"><subfield code="p">Yungu, C.G.</subfield><subfield code="d">1875-1961</subfield></datafield><datafield tag="801" ind1="-" ind2="1"><subfield code="p">Yûng, Qarl Gûsṭav</subfield><subfield code="d">1875-1961</subfield></datafield><datafield tag="801" ind1="-" ind2="1"><subfield code="p">Yūnġ, Kārl Ġūstāf</subfield><subfield code="d">1875-1961</subfield></datafield><datafield tag="801" ind1="-" ind2="1"><subfield code="p">Jung, Carl-Gustave</subfield><subfield code="d">1875-1961</subfield></datafield><datafield tag="801" ind1="-" ind2="1"><subfield code="p">Jung, Carl G.</subfield><subfield code="d">1875-1961</subfield></datafield><datafield tag="801" ind1="-" ind2="1"><subfield code="p">Jung, C.G.</subfield><subfield code="d">1875-1961</subfield></datafield><datafield tag="801" ind1="-" ind2="1"><subfield code="p">Jung, Karl Gustav</subfield><subfield code="d">1875-1961</subfield></datafield><datafield tag="801" ind1="-" ind2="1"><subfield code="p">Yung, K.G.</subfield><subfield code="d">1875-1961</subfield></datafield><datafield tag="801" ind1="-" ind2="1"><subfield code="p">Gioungk, K.</subfield><subfield code="d">1875-1961</subfield></datafield><datafield tag="801" ind1="-" ind2="1"><subfield code="p">Yūnġ, Kārl Ġustāf</subfield><subfield code="d">1875-1961</subfield></datafield><datafield tag="801" ind1="-" ind2="1"><subfield code="p">Yungu, Kāru Gusutafu</subfield><subfield code="d">1875-1961</subfield></datafield><datafield tag="801" ind1="-" ind2="1"><subfield code="p">Kaer Gusitafu Rongge</subfield><subfield code="d">1875-1961</subfield></datafield><datafield tag="801" ind1="-" ind2="1"><subfield code="p">Rongge, Kaer Gusitafu</subfield><subfield code="d">1875-1961</subfield></datafield><datafield tag="801" ind1="-" ind2="1"><subfield code="p">Rongge</subfield><subfield code="d">1875-1961</subfield></datafield><datafield tag="801" ind1="-" ind2="1"><subfield code="U">Hebr</subfield><subfield code="p">יונג, קרל גוסטב</subfield><subfield code="d">1875-1961</subfield></datafield><datafield tag="801" ind1="-" ind2="1"><subfield code="U">Jpan</subfield><subfield code="p">カール・G.ユング</subfield><subfield code="d">1875-1961</subfield></datafield><datafield tag="801" ind1="-" ind2="1"><subfield code="U">Jpan</subfield><subfield code="p">ユング, C. G.</subfield><subfield code="d">1875-1961</subfield></datafield><datafield tag="801" ind1="-" ind2="1"><subfield code="U">Hans</subfield><subfield code="p">卡尔‧古斯塔夫‧荣格</subfield><subfield code="d">1875-1961</subfield></datafield><datafield tag="801" ind1="-" ind2="1"><subfield code="U">Hans</subfield><subfield code="p">荣格, 卡尔 古斯塔夫</subfield><subfield code="d">1875-1961</subfield></datafield><datafield tag="801" ind1="-" ind2="1"><subfield code="U">Hant</subfield><subfield code="p">卡爾‧古斯塔夫‧榮格</subfield><subfield code="d">1875-1961</subfield></datafield><datafield tag="801" ind1="-" ind2="1"><subfield code="U">Hant</subfield><subfield code="p">榮格, 卡爾 古斯塔夫</subfield><subfield code="d">1875-1961</subfield></datafield><datafield tag="801" ind1="-" ind2="1"><subfield code="U">Hans</subfield><subfield code="p">荣格</subfield><subfield code="d">1875-1961</subfield></datafield><datafield tag="801" ind1="-" ind2="1"><subfield code="U">Hant</subfield><subfield code="p">榮格</subfield><subfield code="d">1875-1961</subfield></datafield><datafield tag="801" ind1="-" ind2="1"><subfield code="U">Jpan</subfield><subfield code="p">ユング, C.G.</subfield><subfield code="d">1875-1961</subfield></datafield><datafield tag="805" ind1="b" ind2="1"><subfield code="a">Religion und Psychologie</subfield></datafield><datafield tag="902" ind1="-" ind2="1"><subfield code="s">Religionsphilosophie</subfield><subfield code="9">(DE-588)4049415-9</subfield></datafield><controlfield tag="SYS">001230193</controlfield><datafield tag="LOW" ind1="-" ind2="1"><subfield code="a">C5001</subfield></datafield><datafield tag="LOW" ind1="-" ind2="1"><subfield code="a">A0001</subfield></datafield><datafield tag="LOW" ind1="-" ind2="1"><subfield code="a">C0001</subfield></datafield><datafield tag="088" ind1=" " ind2=" "><subfield code="a">Bi 10</subfield><subfield code="b">00040000</subfield><subfield code="c">HLT Bube</subfield><subfield code="e">ILL Ausleihe</subfield></datafield><datafield tag="088" ind1=" " ind2=" "><subfield code="a">361</subfield><subfield code="b">00000027</subfield><subfield code="c">AV250+BU917.GO Y94</subfield><subfield code="e">ILL Kopie+Ausl.</subfield></datafield><datafield tag="088" ind1=" " ind2=" "><subfield code="a">82</subfield><subfield code="b">00000000</subfield><subfield code="c">AD1779+2</subfield><subfield code="e">ILL Ausleihe</subfield></datafield><datafield tag="088" ind1=" " ind2=" "><subfield code="a">465</subfield><subfield code="b">E11</subfield><subfield code="c">JCOI1107(2)</subfield><subfield code="e">Dauerausleihe</subfield></datafield><datafield tag="088" ind1=" " ind2=" "><subfield code="a">464</subfield><subfield code="b">D01</subfield><subfield code="c">JCOI1042(2)_d</subfield><subfield code="e">Ausleihbestand</subfield></datafield><datafield tag="088" ind1=" " ind2=" "><subfield code="a">Lan 1</subfield><subfield code="b">FRHLD</subfield><subfield code="c">fil 16-995</subfield><subfield code="e">ausleihbar 4 Wo</subfield></datafield><datafield tag="088" ind1=" " ind2=" "><subfield code="a">Kob 7</subfield><subfield code="b">FRHKO</subfield><subfield code="c">99/6384</subfield><subfield code="e">ausleihbar 4 Wo</subfield></datafield><datafield tag="088" ind1=" " ind2=" "><subfield code="a">Kn 125</subfield></datafield></record></metadata></record></ListRecords></OAI-PMH>